<record><leader>00000cas a2200000 a 4500</leader><controlfield tag="001">12717609</controlfield><controlfield tag="008">851025d18881890ksuwr ne      0    0eng d</controlfield><datafield ind1=" " ind2=" " tag="010"><subfield code="a">sn 85029772 </subfield></datafield><datafield ind1=" " ind2=" " tag="040"><subfield code="a">KSH</subfield><subfield code="b">eng</subfield><subfield code="c">KSH</subfield><subfield code="d">NPT</subfield><subfield code="d">OCL</subfield><subfield code="d">OCLCQ</subfield></datafield><datafield ind1=" " ind2=" " tag="042"><subfield code="a">msc</subfield></datafield><datafield ind1="0" ind2="0" tag="245"><subfield code="a">Weekly Kansas pioneer.</subfield></datafield><datafield ind1="3" ind2="0" tag="246"><subfield code="a">Kansas weekly pioneer</subfield></datafield><datafield ind1=" " ind2=" " tag="260"><subfield code="a">Smith Centre, Kan. :</subfield><subfield code="b">J.S. Beacom,</subfield><subfield code="c">1888-1890.</subfield></datafield><datafield ind1=" " ind2=" " tag="300"><subfield code="a">2 v. :</subfield><subfield code="b">ill. ;</subfield><subfield code="c">63 cm.</subfield></datafield><datafield ind1=" " ind2=" " tag="310"><subfield code="a">Weekly</subfield></datafield><datafield ind1="0" ind2=" " tag="362"><subfield code="a">Vol. 16, no. 16 (Mar. 15, 1888)-v. 18, no. 34 (July 17, 1890).</subfield></datafield><datafield ind1=" " ind2=" " tag="500"><subfield code="a">'Weekly' appears above logo on masthead.</subfield></datafield><datafield ind1=" " ind2=" " tag="500"><subfield code="a">Published by J.N. Beacom, July 5, 1888-July 17, 1890.</subfield></datafield><datafield ind1=" " ind2=" " tag="752"><subfield code="a">United States</subfield><subfield code="b">Kansas</subfield><subfield code="c">Smith</subfield><subfield code="d">Smith Center.</subfield></datafield><datafield ind1="0" ind2="0" tag="780"><subfield code="t">Kansas pioneer (Smith Centre, Kan. : 1886)</subfield><subfield code="w">(DLC)sn 85029767</subfield></datafield><datafield ind1="0" ind2="7" tag="785"><subfield code="t">Smith County bulletin</subfield><subfield code="w">(DLC)sn 85029761</subfield></datafield><datafield ind1="0" ind2="7" tag="785"><subfield code="t">Pioneer-bulletin</subfield><subfield code="w">(DLC)sn 85029758</subfield></datafield><datafield ind1="1" ind2=" " tag="029"><subfield code="a">AU@</subfield><subfield code="b">000022172359</subfield></datafield></record>